<collection xmlns="http://www.loc.gov/MARC21/slim"><record><leader>00611nam  2200181   450</leader><controlfield tag="001">872</controlfield><controlfield tag="003">http://montalegre.opacnet.com/OPAC/default.aspx?ContentAreaControl=ShowRegHoldings.ascx&amp;RegNo=16662</controlfield><datafield tag="100" ind1=" " ind2=" "><subfield code="a">19951009d1969    m  y0pory010305  ba</subfield></datafield><datafield tag="101" ind1="1" ind2=" "><subfield code="a">por</subfield></datafield><datafield tag="102" ind1=" " ind2=" "><subfield code="a">PT</subfield></datafield><datafield tag="200" ind1="1" ind2=" "><subfield code="a">E o mar rompeu os diques</subfield><subfield code="f">Ardo Flakkerg</subfield><subfield code="g">trad. Marlene de Sousa</subfield><subfield code="g">il. Piet Klaasse</subfield></datafield><datafield tag="210" ind1=" " ind2=" "><subfield code="a">Porto</subfield><subfield code="c">Civilização</subfield><subfield code="d">1969</subfield></datafield><datafield tag="215" ind1=" " ind2=" "><subfield code="a">232 p.</subfield><subfield code="d">19 cm</subfield></datafield><datafield tag="700" ind1=" " ind2="1"><subfield code="a">Klakkeberg</subfield><subfield code="b">Ardo</subfield></datafield><datafield tag="702" ind1=" " ind2="1"><subfield code="a">Sousa</subfield><subfield code="b">Marlene de</subfield><subfield code="4">730</subfield></datafield><datafield tag="702" ind1=" " ind2="1"><subfield code="a">Klaasse</subfield><subfield code="b">Piet</subfield><subfield code="4">440</subfield></datafield><datafield tag="801" ind1=" " ind2="0"><subfield code="a">PT</subfield><subfield code="b">Biblioteca Municipal de Montalegre</subfield><subfield code="g">RPC</subfield></datafield><datafield tag="856" ind1=" " ind2=" "><subfield code="u">locateMedia.asp?cod=20060627144710&amp;ext=jpg</subfield><subfield code="z">CAPA</subfield></datafield><datafield tag="909" ind1="&#9;" ind2=" "><subfield code="a">1</subfield></datafield><datafield tag="966" ind1=" " ind2=" "><subfield code="a">0003284</subfield><subfield code="l">BMM</subfield><subfield code="s">SJ 087.5 FLA mar</subfield></datafield></record></collection>